% Encoding: UTF-8
@Electronic{moveit_tutorials,
  Title                    = {MoveIt! tutorials},
  Url                      = {http://docs.ros.org/kinetic/api/moveit_tutorials/html/index.html},
  Owner                    = {MoveIt!},
  Timestamp                = {2018}
}
@Electronic{pr2_controllers,
  Title                    = {Configure MoveIt! controllers},
  Url                      = {http://www.theconstructsim.com/control-gazebo-simulated-robot-moveit-video-answer/},
  Owner                    = {theconstructsim},
  Timestamp                = {2018.06.18}
}
@Electronic{cvBridge,
  Title                    = {Cv Bridge},
  Url                      = {http://wiki.ros.org/cv_bridge/Tutorials/ConvertingBetweenROSImagesAndOpenCVImagesPython},
  Owner                    = {theconstructsim},
  Timestamp                = {2018.06.18}
}
@Electronic{moveit_planners,
  Title                    = {MoveIt! Planners},
  Url                      = {https://moveit.ros.org/documentation/planners/},
  Owner                    = {MoveIt!},
  Timestamp                = {2018}
}

@Electronic{gazebo_plugins,
  Title                    = {Gazebo camera plugins},
  Url                      = {http://gazebosim.org/tutorials?tut=ros_gzplugins},
  Owner                    = {Gazebo},
  Timestamp                = {2018}
}

@Electronic{sdf_format,
  Title                    = {SDF Format},
  Url                      = {http://sdformat.org/spec},
  Owner                    = {SDF},
  Timestamp                = {2018}
}

@Electronic{open_cv,
  Title                    = {OpenCV tutorial},
  Url                      = {https://docs.opencv.org/3.4.1/df/d9d/tutorial_py_colorspaces.html},

  Owner                    = {OpenCV},
  Timestamp                = {2018}
}
@Electronic{overlaying,
  Title                    = {Workspace overlaying in ROS},
  Url                      = {http://wiki.ros.org/catkin/Tutorials/workspace_overlaying},
  Owner                    = {ROS},
  Timestamp                = {2018}
}
@Electronic{wstool,
  Title                    = {wstool},
  Url                      = {http://wiki.ros.org/wstool},
  Owner                    = {ROS},
  Timestamp                = {2018}
}
@Electronic{forum_2016,
  Title                    = {Foro Económico Mundial 2016},
  Url                      = {https://www.weforum.org/agenda/2016/01/the-fourth-industrial-revolution-what-it-means-and-how-to-respond/},
  Owner                    = {weforum},
  Timestamp                = {2016}
}
@Electronic{ros,
  Title                    = {ROS},
  Url                      = {http://www.ros.org/},
  Owner                    = {ros},
  Timestamp                = {2018}
}
@Electronic{orocos,
  Title                    = {Open Robot Control Software},
  Url                      = {http://www.orocos.org/},
  Owner                    = {orocos},
  Timestamp                = {2018}
}
@Electronic{claraty,
  Title                    = {CLARAty},
  Url                      = {https://www-robotics.jpl.nasa.gov/facilities/facility.cfm?Facility=2},
  Owner                    = {CLARAty},
  Timestamp                = {2018}
}
@Electronic{mrds,
  Title                    = {Microsoft Robotics Developer Studio},
  Url                      = {https://www.microsoft.com/en-us/download/details.aspx?id=29081},
  Owner                    = {mrds},
  Timestamp                = {2018}
}
@Electronic{Vanessa,
  Title                    = {Vanessa Fernández Martínez. Nuevas Prácticas en el Entorno Docente de Robótica JdeRobot-Academy, 2017},
  Url                      = {https://github.com/RoboticsURJC-students/2017-tfm-vanessa-fernandez/blob/master/Memoria/Memoria.pdf},
  Owner                    = {Vanessa Fernández},
  Timestamp                = {2017}
}
@Electronic{Carlos,
  Title                    = {Carlos Awadallah Estévez. Nuevas Prácticas en el Entorno Docente de Robótica JdeRobot-Academy, 2018},
  Url                      = {https://github.com/RoboticsURJC-students/2018-tfm-Carlos-Awadallah},
  Owner                    = {Carlos Awadallah},
  Timestamp                = {2018}
}
@Electronic{Pablo,
  Title                    = {Pablo Moreno Vera. Nuevas Prácticas Docentes en el Entorno Robotics-Academy, 2017},
  Url                      = {https://github.com/RoboticsURJC-students/2017-tfg-pablo-moreno/blob/master/TFG/Memoria.pdf},
  Owner                    = {Pablo Moreno},
  Timestamp                = {2017}
}
@Electronic{jderobot,
  Title                    = {JdeRobot},
  Url                      = {https://jderobot.org/Main_Page},
  Owner                    = {JdeRobot},
  Timestamp                = {2019}
}
@Electronic{cvbridge,
  Title                    = {cv\_bridge Python},
  Url                      = {http://wiki.ros.org/cv\_bridge/Tutorials/ConvertingBetweenROSImagesAndOpenCVImagesPython},
  Owner                    = {ROS},
  Timestamp                = {2018}
}
@Electronic{cv_imgTransformations,
  Title                    = {OpenCV: Image Transformations},
  Url                      = {https://docs.opencv.org/2.4/modules/imgproc/doc/miscellaneous_transformations.html},
  Owner                    = {OpenCV},
  Timestamp                = {2018}
}
@Electronic{robotics_market,
  Title                    = {Robotics Market},
  Url                      = {https://www.mordorintelligence.com/industry-reports/robotics-market},
  Owner                    = {Mordor Intelligence},
  Timestamp                = {2018}
}
@Electronic{automation_forecast,
  Title                    = {Automation Forecast},
  Url                      = {https://www.interquestgroup.com/insights/infographics/2018/robotic-process-automation-industry-forecast},
  Owner                    = {Interquest Group},
  Timestamp                = {2018}
}
@Electronic{mckinsey_automation,
  Title                    = {Mckinsey: A future that works},
  Url                      = {https://www.mckinsey.com/featured-insights/digital-disruption/harnessing-automation-for-a-future-that-works},
  Owner                    = {Mckinsey},
  Timestamp                = {2018}
}
@Electronic{noticia_estudiantes,
  Title                    = {Primeros graduados con conocimientos en robótica},
  Url                      = {https://elpais.com/ccaa/2018/10/24/madrid/1540404720_746066.html},
  Owner                    = {El País},
  Timestamp                = {2018}
}
@Electronic{ibm_costs,
  Title                    = {Minimizing code defects to
improve software quality and
lower development costs},
  Url                      = {ftp://ftp.software.ibm.com/software/rational/info/do-more/RAW14109USEN.pdf},
  Owner                    = {IBM},
  Timestamp                = {2018}
}
@Electronic{inc_costs,
  Title                    = {Why Every Software Startup Should Have a Testing Process Through Launch},
  Url                      = {https://www.inc.com/aj-agrawal/why-every-software-startup-should-have-a-testing-process-through-launch.html},
  Owner                    = {INC},
  Timestamp                = {2018}
}
@Electronic{boehm,
  Title                    = {Spiral Model},
  Url                      = {http://www.dimap.ufrn.br/~jair/ES/artigos/SpiralModelBoehm.pdf},
  Owner                    = {Boehm},
  Timestamp                = {2018}
}
@Electronic{colores,
  Title                    = {Colores HSV},
  Url                      = {http://www.workwithcolor.com/red-color-hue-range-01.htm},
  Owner                    = {workwithcolor},
  Timestamp                = {2018}
}
@Electronic{py_colors,
  Title                    = {Espacios de color con Python y OpenCV},
  Url                      = {https://opencv-python-tutroals.readthedocs.io/en/latest/py_tutorials/py_imgproc/py_colorspaces/py_colorspaces.html},
  Owner                    = {OpenCV},
  Timestamp                = {2018}
}
@Electronic{pr2,
  Title                    = {Robot PR2},
  Url                      = {http://www.willowgarage.com/pages/pr2/overview},
  Owner                    = {Willow garage},
  Timestamp                = {2016}
}
@Electronic{gazebo,
  Title                    = {Gazebo},
  Url                      = {http://gazebosim.org/},
  Owner                    = {Gazebo},
  Timestamp                = {2016}
}
@Electronic{tiobe,
  Title                    = {Ranking TIOBE},
  Url                      = {https://www.tiobe.com/tiobe-index/},
  Owner                    = {TIOBE},
  Timestamp                = {2019}
}
@Electronic{opencv,
  Title                    = {OpenCV},
  Url                      = {https://opencv.org/},
  Owner                    = {OpenCV},
  Timestamp                = {2017}
}
@Electronic{movegroup,
  Title                    = {MoveGroupCommander},
  Url                      = {http://docs.ros.org/jade/api/moveit_commander/html/classmoveit__commander_1_1move__group_1_1MoveGroupCommander.html},
  Owner                    = {ROS},
  Timestamp                = {2019}
}
@Electronic{moveit2,
  Title                    = {MoveIt!2},
  Url                      = {https://moveit.ros.org/moveit!/ros/2019/05/31/moveit2-alpha-release.html},
  Owner                    = {ROS},
  Timestamp                = {2019}
}
@Electronic{ros2,
  Title                    = {ROS2},
  Url                      = {https://index.ros.org/doc/ros2/Releases/},
  Owner                    = {ROS},
  Timestamp                = {2019}
}
@Electronic{mara,
  Title                    = {Acutronic Robotics: MARA},
  Url                      = {https://acutronicrobotics.com/products/mara/},
  Owner                    = {Acutronic},
  Timestamp                = {2019}
}
@Electronic{emika,
  Title                    = {Robot PANDA},
  Url                      = {https://www.franka.de/technology},
  Owner                    = {Franka Emika},
  Timestamp                = {2019}
}
@Electronic{emika,
  Title                    = {Robot PANDA},
  Url                      = {https://www.franka.de/technology},
  Owner                    = {Franka Emika},
  Timestamp                = {2019}
}
@Electronic{emika,
  Title                    = {Robot PANDA},
  Url                      = {https://www.franka.de/technology},
  Owner                    = {Franka Emika},
  Timestamp                = {2019}
}
%pending: tfgs
@Comment{jabref-meta: databaseType:biblatex;}
